% Use this file for citations not found in the ACL Anthology (contained in "anthology.bib").

@article{rand-forest-and-svm-for-stocks,
    author    = {David Valle-Cruz and Vanessa Fernandez-Cortez and Asdrubal Lopez-Chau and Rafael Rojas-Hernandez},
    title     = {Stock Market Prediction witih Artificial Intelligence Techniques in Recession Times},
    journal   = {Springer Nature Switzerland AG},
    year      = {2024},
    url       = {https://books.google.com/books?hl=en&lr=&id=DWL8EAAAQBAJ&oi=fnd&pg=PA246&dq=%22stock+market+prediction%22++machine+learning&ots=RnlkZtRSlM&sig=311MCXue6ToIeimK7RjAS01169Y#v=onepage&q=%22stock%20market%20prediction%22%20%20machine%20learning&f=false},
}

@article{sentiment-analysis-in-stocks,
    author    = {Honglin Liao and Jiacheng Huang and Yong Tang},
    title     = {LEET: stock market forecast with long-term emotional change enhanced temporal model},
    journal   = {PeerJ Computer Science},
    year      = {2024},
    url       = {https://peerj.com/articles/cs-1969/},
}

@article{stocks-news-politics-for-stocks,
    author    = {Yalanati Ayyappa and A.P. Siva Kumar},
    title     = {Stock market prediction with political data Analysis (SP-PDA) model for handling big data},
    journal   = {Springer},
    year      = {2024},
    url       = {https://link.springer.com/article/10.1007/s11042-024-18610-4},
}

@article{morai,
    author    = {Gerald Woo and Chenghao Liu and Doyen Sahoo and Caiming Xiong},
    title     = {Moirai: A Time Series Foundation Model for Universal Forecasting},
    journal   = {Salesforce},
    year      = {2024},
    url       = {https://blog.salesforceairesearch.com/moirai/},
}

@misc{chronos,
      title={Chronos: Learning the Language of Time Series}, 
      author={Abdul Fatir Ansari and Lorenzo Stella and Caner Turkmen and Xiyuan Zhang and Pedro Mercado and Huibin Shen and Oleksandr Shchur and Syama Sundar Rangapuram and Sebastian Pineda Arango and Shubham Kapoor and Jasper Zschiegner and Danielle C. Maddix and Hao Wang and Michael W. Mahoney and Kari Torkkola and Andrew Gordon Wilson and Michael Bohlke-Schneider and Yuyang Wang},
      year={2024},
      eprint={2403.07815},
      archivePrefix={arXiv},
      primaryClass={cs.LG}
}

@misc{domain-adaptation-attention-sharing,
      title={Domain Adaptation for Time Series Forecasting via Attention Sharing}, 
      author={Xiaoyong Jin and Youngsuk Park and Danielle C. Maddix and Hao Wang and Yuyang Wang},
      year={2022},
      eprint={2102.06828v9},
      archivePrefix={arXiv},
      primaryClass={cs.LG}
}

@misc{domain-adaptation-structure-alignment,
      title={Time Series Domain Adaptation via Sparse Associative Structure Alignment},
      author={Ruichu Cai and Jiawei Chen and Zijian Li and Wei Chen and Keli Zhang and Junjian Ye and Zhuozhang Li and Xiaoyan Yang and Zhenjie Zhang},
      year={2020},
      url={https://ojs.aaai.org/index.php/AAAI/article/view/16846/16653}
}

@misc{raincoat,
      title={Domain Adaptation for Time Series Under Feature and Label Shifts}, 
      author={Huan He and Owen Queen and Teddy Koker and Consuelo Cuevas and Theodoros Tsiligkaridis and Marinka Zitnik},
      year={2023},
      eprint={2302.03133},
      archivePrefix={arXiv},
      primaryClass={cs.LG}
}

@article{predicting-layoffs,
      title={Layoffs Analysis and Prediction Using Machine Learning Algorithms},
      author={P. Prakash and V. Sakthivel},
      year={2024},
      journal={Springer},
      url={https://link.springer.com/chapter/10.1007/978-981-99-7137-4_53}
}

@dataset{layoff-dataset,
      title={Tech layoffs 2020-2024},
      author={Ulrike Herold},
      year={2024},
      url={https://www.kaggle.com/datasets/ulrikeherold/tech-layoffs-2020-2024}
}

@misc{data-transform-bagging,
      title={Develop a Bagging Ensemble with Different Data Transformations},
      author={Jason Brownlee},
      year={2021},
      url={https://machinelearningmastery.com/bagging-ensemble-with-different-data-transformations/}
}